
@inproceedings{he2016deep,
  title     = {Deep residual learning for image recognition},
  author    = {He, Kaiming and Zhang, Xiangyu and Ren, Shaoqing and Sun, Jian},
  booktitle = {Proceedings of the IEEE conference on computer vision and pattern recognition},
  pages     = {770--778},
  year      = {2016}
}

@inproceedings{szegedy2016rethinking,
  title     = {Rethinking the inception architecture for computer vision},
  author    = {Szegedy, Christian and Vanhoucke, Vincent and Ioffe, Sergey and Shlens, Jon and Wojna, Zbigniew},
  booktitle = {Proceedings of the IEEE conference on computer vision and pattern recognition},
  pages     = {2818--2826},
  year      = {2016}
}

@inproceedings{szegedy2016rethinking,
  title     = {Rethinking the inception architecture for computer vision},
  author    = {Szegedy, Christian and Vanhoucke, Vincent and Ioffe, Sergey and Shlens, Jon and Wojna, Zbigniew},
  booktitle = {Proceedings of the IEEE conference on computer vision and pattern recognition},
  pages     = {2818--2826},
  year      = {2016}
}
